@Article{art1,
  author =       "Author Name",
  title =        "Book Title",
  journal =      "Lecture Notes in Autonomous System",
  volume =       "1001",
  publisher =    "UFO",
  pages =        "900--921",
  year =         "2003",
  coden =        "LNCSD9",
  ISSN =         "0302-2345",
  bibdate =      "Sat Dec 7 10:05:42 MST 2003",
}

@inproceedings{van2005qualitative,
	title={A qualitative trajectory calculus and the composition of its relations},
	author={Van de Weghe, Nico and Kuijpers, Bart and Bogaert, Peter and De Maeyer, Philippe},
	booktitle={International Conference on GeoSpatial Sematics},
	pages={60--76},
	year={2005},
	organization={Springer}
}

@article{van2006qualitative,
	title={A qualitative trajectory calculus as a basis for representing moving objects in geographical information systems},
	author={Van de Weghe, Nico and Cohn, Anthony and De Tre, Guy and De Maeyer, Philippe},
	journal={Control and Cybernetics},
	volume={35},
	number={1},
	pages={97--119},
	year={2006}
}

@article{glez2013qrpc,
	title={QRPC: A new qualitative model for representing motion patterns},
	author={Glez-Cabrera, Francisco J and {\'A}Lvarez-Bravo, Jos{\'e} Vicente and D{\'\i}Az, Fernando},
	journal={Expert systems with applications},
	volume={40},
	number={11},
	pages={4547--4561},
	year={2013},
	publisher={Elsevier}
}

@article{clementini1997qualitative,
	title={Qualitative representation of positional information},
	author={Clementini, Eliseo and Di Felice, Paolino and Hern{\'a}ndez, Daniel},
	journal={Artificial intelligence},
	volume={95},
	number={2},
	pages={317--356},
	year={1997},
	publisher={Elsevier}
}

@incollection{allen1990maintaining,
	title={Maintaining knowledge about temporal intervals},
	author={Allen, James F},
	booktitle={Readings in qualitative reasoning about physical systems},
	pages={361--372},
	year={1990},
	publisher={Elsevier}
}

@article{freksa1992temporal,
	title={Temporal reasoning based on semi-intervals},
	author={Freksa, Christian},
	journal={Artificial intelligence},
	volume={54},
	number={1},
	pages={199--227},
	year={1992}
}

@article{randell1992spatial,
	title={A spatial logic based on regions and connection.},
	author={Randell, David A and Cui, Zhan and Cohn, Anthony G},
	journal={KR},
	volume={92},
	pages={165--176},
	year={1992}
}

@article{frank1992qualitative,
	title={Qualitative spatial reasoning about distances and directions in geographic space},
	author={Frank, Andrew U},
	journal={Journal of Visual Languages \& Computing},
	volume={3},
	number={4},
	pages={343--371},
	year={1992},
	publisher={Elsevier}
}

@article{ligozat1998reasoning,
	title={Reasoning about cardinal directions},
	author={LIGOZAT, G {\'E}},
	journal={Journal of Visual Languages \& Computing},
	volume={9},
	number={1},
	pages={23--44},
	year={1998},
	publisher={Elsevier}
}

@book{freksa1990temporal,
	title={Temporal reasoning based on semi-intervals},
	author={Freksa, Christian},
	year={1990},
	publisher={International Computer Science Institute Berkeley, CA}
}

@inproceedings{freksa1992utilization,
	title={On the utilization of spatial structures for cognitively plausible and efficient reasoning},
	author={Freksa, Christian and Zimmermann, Kai},
	booktitle={Systems, Man and Cybernetics, 1992., IEEE International Conference on},
	pages={261--266},
	year={1992},
	organization={IEEE}
}

@inproceedings{moratz2006representing,
	title={Representing relative direction as a binary relation of oriented points},
	author={Moratz, Reinhard},
	booktitle={ECAI},
	volume={6},
	pages={407--411},
	year={2006}
}

@inproceedings{dylla2004empirical,
	title={Empirical complexity issues of practical qualitative spatial reasoning about relative position},
	author={Dylla, Frank and Moratz, Reinhard},
	booktitle={Workshop on Spatial and Temporal Reasoning at ECAI},
	volume={2004},
	year={2004}
}

@inproceedings{dylla2004exploiting,
	title={Exploiting qualitative spatial neighborhoods in the situation calculus},
	author={Dylla, Frank and Moratz, Reinhard},
	booktitle={International Conference on Spatial Cognition},
	pages={304--322},
	year={2004},
	organization={Springer}
}

@inproceedings{dylla2006generalizing,
	title={On Generalizing Orientation Information in $$\backslash$mathcal $\{$OPRA$\}$ \_m$},
	author={Dylla, Frank and Wallgr{\"u}n, Jan Oliver},
	booktitle={Annual Conference on Artificial Intelligence},
	pages={274--288},
	year={2006},
	organization={Springer}
}

@article{van2005representing,
	title={Representing moving objects in computer-based expert systems: the overtake event example},
	author={Van de Weghe, Nico and Cohn, Anthony G and De Maeyer, Philippe and Witlox, Frank},
	journal={Expert Systems with Applications},
	volume={29},
	number={4},
	pages={977--983},
	year={2005},
	publisher={Elsevier}
}